<?xml version="1.0"?>
<marc:records xmlns:marc="http://www.loc.gov/MARC21/slim" xmlns:xsi="http://www.w3.org/2001/XMLSchema-instance" xsi:schemaLocation="http://www.loc.gov/MARC21/slim http://www.loc.gov/standards/marcxml/schema/MARC21slim.xsd">
  <marc:record>
    <marc:leader>02180ctd a2200349Ia 4500</marc:leader>
    <marc:controlfield tag="001">9938824073503681</marc:controlfield>
    <marc:controlfield tag="005">20220113120837.0</marc:controlfield>
    <marc:controlfield tag="008">050921q11001199pau           000 0 lat d</marc:controlfield>
    <marc:datafield ind1=" " ind2=" " tag="035">
  <marc:subfield code="a">(OCoLC)ocn155928816</marc:subfield>
</marc:datafield>
    <marc:datafield ind1=" " ind2=" " tag="035">
  <marc:subfield code="a">(OCoLC)155928816</marc:subfield>
</marc:datafield>
    <marc:datafield ind1=" " ind2=" " tag="035">
  <marc:subfield code="a">(CStRLIN)PAUR05-B10661</marc:subfield>
</marc:datafield>
    <marc:datafield ind1=" " ind2=" " tag="035">
  <marc:subfield code="a">(PU)3882407-penndb-Voyager</marc:subfield>
</marc:datafield>
    <marc:datafield ind1=" " ind2=" " tag="040">
  <marc:subfield code="a">PU</marc:subfield>
  <marc:subfield code="e">dacs</marc:subfield>
  <marc:subfield code="c">PAULM</marc:subfield>
  <marc:subfield code="d">PAULM</marc:subfield>
</marc:datafield>
    <marc:datafield ind1=" " ind2=" " tag="049">
  <marc:subfield code="a">PAUM</marc:subfield>
</marc:datafield>
    <marc:datafield ind1=" " ind2=" " tag="079">
  <marc:subfield code="a">ocm79463611</marc:subfield>
</marc:datafield>
    <marc:datafield ind1=" " ind2="9" tag="099">
  <marc:subfield code="a">Ms. Coll. 591</marc:subfield>
  <marc:subfield code="e">Folder 2</marc:subfield>
</marc:datafield>
    <marc:datafield ind1="0" ind2=" " tag="130">
  <marc:subfield code="a">Seven sleepers of Ephesus.</marc:subfield>
  <marc:subfield code="k">Selections.</marc:subfield>
</marc:datafield>
    <marc:datafield ind1="0" ind2="0" tag="245">
  <marc:subfield code="a">Manuscript fragment of the Seven Sleepers of Ephesus,</marc:subfield>
  <marc:subfield code="f">1100s?</marc:subfield>
</marc:datafield>
    <marc:datafield ind1=" " ind2=" " tag="300">
  <marc:subfield code="a">1</marc:subfield>
  <marc:subfield code="f">item (1 leaf) :</marc:subfield>
  <marc:subfield code="b">parchment ;</marc:subfield>
  <marc:subfield code="c">70 x 190 mm.</marc:subfield>
</marc:datafield>
    <marc:datafield ind1=" " ind2=" " tag="500">
  <marc:subfield code="a">The text in this fragment is extremely close to that of Brussels KBR MS 8550-51, denoted D in Beitrag zur Visionsliteratur und Siebenschl&#xE4;ferlegende des Mittelalters, edited by Michael Huber (Volume 1, Metten, Germany: 1903; identified by Mark Thakkar).</marc:subfield>
</marc:datafield>
    <marc:datafield ind1=" " ind2=" " tag="520">
  <marc:subfield code="a">Fragment of a page written in transitional script and containing 8 lines of 2 columns (one full column and one partial on each side).  The text, from a legend about young Christian men who hid in a cave outside Ephesus to escape Roman persecution and emerged three hundred years later, mentions heretics who deny the resurrection of the dead and elsewhere refers to the "city of the Ephesians."  The recto of the fragment contains text from chapters 8 (partial column) and 9-10 (full column); the verso, chapters 11 (full column) and 12 (partial column).</marc:subfield>
</marc:datafield>
    <marc:datafield ind1=" " ind2=" " tag="546">
  <marc:subfield code="a">In Latin.</marc:subfield>
</marc:datafield>
    <marc:datafield ind1="1" ind2=" " tag="561">
  <marc:subfield code="a">Sold by William Salloch (Ossining, N.Y.), 1979.</marc:subfield>
</marc:datafield>
    <marc:datafield ind1=" " ind2="7" tag="655">
  <marc:subfield code="a">fragments (object portions)</marc:subfield>
  <marc:subfield code="2">aat</marc:subfield>
</marc:datafield>
    <marc:datafield ind1=" " ind2="7" tag="655">
  <marc:subfield code="a">Manuscripts, Latin</marc:subfield>
  <marc:subfield code="y">12th century.</marc:subfield>
  <marc:subfield code="2">local</marc:subfield>
</marc:datafield>
    <marc:datafield ind1=" " ind2="0" tag="655">
  <marc:subfield code="a">Manuscripts, Medieval.</marc:subfield>
</marc:datafield>
    <marc:datafield ind1="0" ind2=" " tag="773">
  <marc:subfield code="t">Manuscript Fragment Collection.</marc:subfield>
  <marc:subfield code="g">Folder 2</marc:subfield>
</marc:datafield>
    <marc:datafield ind1=" " ind2=" " tag="852">
  <marc:subfield code="b">Kislak Center for Special Collections, Rare Books and Manuscripts</marc:subfield>
  <marc:subfield code="a">University of Pennsylvania</marc:subfield>
  <marc:subfield code="e">3420 Walnut Street, Philadelphia, Pennsylvania, 19104-6206.</marc:subfield>
  <marc:subfield code="j">Ms. Coll. 591</marc:subfield>
</marc:datafield>
    <marc:datafield ind1="4" ind2="1" tag="856">
  <marc:subfield code="z">Facsimile</marc:subfield>
  <marc:subfield code="u">http://hdl.library.upenn.edu/1017/d/medren/3882407</marc:subfield>
</marc:datafield>
    <marc:datafield ind1="4" ind2="1" tag="856">
  <marc:subfield code="z">Digital facsimile for browsing (Colenda)</marc:subfield>
  <marc:subfield code="u">https://colenda.library.upenn.edu/catalog/81431-p3n65v</marc:subfield>
</marc:datafield>
    <marc:datafield ind1=" " ind2=" " tag="994">
  <marc:subfield code="a">C0</marc:subfield>
  <marc:subfield code="b">PAULM</marc:subfield>
</marc:datafield>
    <marc:datafield ind1=" " ind2=" " tag="999">
  <marc:subfield code="a">DLA</marc:subfield>
  <marc:subfield code="b">20091218</marc:subfield>
</marc:datafield>
    <marc:holdings>
      <marc:holding>
        <marc:holding_id>22423301170003681</marc:holding_id>
        <marc:call_number>Ms. Coll. 591 Folder 2</marc:call_number>
        <marc:library>KislakCntr</marc:library>
        <marc:location>scmss</marc:location>
      </marc:holding>
    </marc:holdings>
  </marc:record>
</marc:records>
